<record><leader>00000cas a22000007a 4500</leader><controlfield tag="001">14255163</controlfield><controlfield tag="008">860923d19091913nvuwr ne      0    0eng d</controlfield><datafield ind1=" " ind2=" " tag="010"><subfield code="a">sn 86076386 </subfield></datafield><datafield ind1=" " ind2=" " tag="040"><subfield code="a">NNX</subfield><subfield code="b">eng</subfield><subfield code="c">NNX</subfield><subfield code="d">OCLCQ</subfield></datafield><datafield ind1=" " ind2=" " tag="042"><subfield code="a">msc</subfield></datafield><datafield ind1="0" ind2="0" tag="245"><subfield code="a">Elko free press. Weekly edition.</subfield></datafield><datafield ind1="1" ind2="3" tag="246"><subfield code="a">Weekly free press</subfield></datafield><datafield ind1=" " ind2=" " tag="260"><subfield code="a">Elko, Nev. :</subfield><subfield code="b">Free Press Pub. Co.,</subfield><subfield code="c">1909-1913.</subfield></datafield><datafield ind1=" " ind2=" " tag="300"><subfield code="a">13 v. :</subfield><subfield code="b">ill.</subfield></datafield><datafield ind1=" " ind2=" " tag="310"><subfield code="a">Weekly</subfield></datafield><datafield ind1="0" ind2=" " tag="362"><subfield code="a">Vol. 52, no. 90 (Mar. 5, 1909)-v. 64, no. 11 (Mar. 14, 1913).</subfield></datafield><datafield ind1=" " ind2=" " tag="500"><subfield code="a">Title from publisher's statement: Weekly free press, Mar. 5, 1909-Oct. 1, 1909.</subfield></datafield><datafield ind1=" " ind2=" " tag="515"><subfield code="a">Frequent misnumbering.</subfield></datafield><datafield ind1=" " ind2=" " tag="752"><subfield code="a">United States</subfield><subfield code="b">Nevada</subfield><subfield code="c">Elko</subfield><subfield code="d">Elko.</subfield></datafield><datafield ind1="1" ind2=" " tag="775"><subfield code="t">Elko free press (1909)</subfield><subfield code="w">(DLC)sn 86091338</subfield><subfield code="w">(OCoLC)13457661</subfield></datafield></record>